@Manual{R-base,
  title = {R: A Language and Environment for Statistical Computing},
  author = {{R Core Team}},
  organization = {R Foundation for Statistical Computing},
  address = {Vienna, Austria},
  year = {2018},
  url = {https://www.R-project.org/},
}
@Manual{R-data.table,
  title = {data.table: Extension of `data.frame`},
  author = {Matt Dowle and Arun Srinivasan},
  year = {2018},
  note = {R package version 1.11.4},
  url = {https://CRAN.R-project.org/package=data.table},
}
@Manual{R-ggplot2,
  title = {ggplot2: Create Elegant Data Visualisations Using the Grammar of Graphics},
  author = {Hadley Wickham and Winston Chang and Lionel Henry and Thomas Lin Pedersen and Kohske Takahashi and Claus Wilke and Kara Woo},
  note = {http://ggplot2.tidyverse.org, https://github.com/tidyverse/ggplot2},
  year = {2018},
}
@Manual{R-metR,
  title = {metR: Tools for Easier Analysis of Meteorological Fields},
  author = {Elio Campitelli},
  year = {2018},
  note = {R package version 0.1.9001},
  url = {https://github.com/eliocamp/metR},
}
